<?xml version="1.0" encoding="UTF-8"?><collection xmlns="http://www.loc.gov/MARC21/slim"><record><leader>00347nam--2200133-i-4500</leader><controlfield tag="001">000035705</controlfield><controlfield tag="002">20161230</controlfield><controlfield tag="005">20161230201040</controlfield><controlfield tag="008">060222s1000------------r-----000-0-eng-d</controlfield><datafield ind1=" " ind2=" " tag="080"><subfield code="a">621.7</subfield></datafield><datafield ind1=" " ind2=" " tag="245"><subfield code="a">Organe de masini. (standarde si comentarii)</subfield></datafield><datafield ind1=" " ind2=" " tag="260"><subfield code="a">Bucuresti, Ed.Tehnica, 1970, 502p</subfield></datafield><datafield ind1=" " ind2=" " tag="490"><subfield code="a">Bibl.Stand. Seria Tehnica A</subfield></datafield><datafield ind1=" " ind2=" " tag="852"><subfield code="a">34788</subfield></datafield></record></collection>